@article{aleph,
  title={Smashing the stack for fun and profit},
  author={One, Aleph},
  journal={Phrack magazine},
  volume={7},
  number={49},
  pages={14--16},
  year={1996}
}
@inproceedings{stackguard,
  title={Protecting systems from stack smashing attacks with StackGuard},
  author={Cowan, Crispin and Beattie, Steve and Day, Ryan Finnin and Pu, Calton and Wagle, Perry and Walthinsen, Erik},
  booktitle={Linux Expo},
  year={1999},
  organization={Citeseer}
}
@misc{pax,
  title={PaX address space layout randomization (ASLR)},
  author={Team, PaX},
  year={2003}
}
@article{4trick,
  title={Four different tricks to bypass stackshield and stackguard protection},
  author={Richarte, Gerardo and others},
  journal={World Wide Web},
  volume={1},
  year={2002}
}
@inproceedings{effaslr,
  title={On the effectiveness of address-space randomization},
  author={Shacham, Hovav and Page, Matthew and Pfaff, Ben and Goh, Eu-Jin and Modadugu, Nagendra and Boneh, Dan},
  booktitle={Proceedings of the 11th ACM conference on Computer and communications security},
  pages={298--307},
  year={2004},
  organization={ACM}
}
@article{hafix,
  title={HAFIX: Hardware-Assisted Flow Integrity Extension},
  author={Lucas Davi, Matthias and Hanreich, Debayan Paul and Sadeghi, Ahmad-Reza and Koeberl, Patrick and Sullivan, Dean and Arias, Orlando and Jin, Yier},
  year={2015}
}
@inproceedings{jitrop,
  title={Just-in-time code reuse: On the effectiveness of fine-grained address space layout randomization},
  author={Snow, Kevin Z and Monrose, Fabian and Davi, Lucas and Dmitrienko, Alexandra and Liebchen, Christopher and Sadeghi, Ahmad-Reza},
  booktitle={Security and Privacy (SP), 2013 IEEE Symposium on},
  pages={574--588},
  year={2013},
  organization={IEEE}
}
@inproceedings{jop,
  title={Jump-oriented programming: a new class of code-reuse attack},
  author={Bletsch, Tyler and Jiang, Xuxian and Freeh, Vince W and Liang, Zhenkai},
  booktitle={Proceedings of the 6th ACM Symposium on Information, Computer and Communications Security},
  pages={30--40},
  year={2011},
  organization={ACM}
}
@inproceedings{effcfi,
  title={Stitching the gadgets: On the ineffectiveness of coarse-grained control-flow integrity protection},
  author={Davi, Lucas and Lehmann, Daniel and Sadeghi, Ahmad-Reza and Monrose, Fabian},
  booktitle={USENIX Security Symposium},
  year={2014}
}
@misc{effaslr64,
  title={On the effectiveness of Full-ASLR on 64-bit Linux},
  author={Marco-Gisbert, Hector and Ripoll, Ismael},
  year={2014}
}
@inproceedings{aslrguard,
  title={ASLR-Guard: Stopping Address Space Leakage for Code Reuse Attacks},
  author={Lu, Kangjie and Song, Chengyu and Lee, Byoungyoung and Chung, Simon P and Kim, Taesoo and Lee, Wenke},
  booktitle={Proceedings of the 22nd ACM SIGSAC Conference on Computer and Communications Security},
  pages={280--291},
  year={2015},
  organization={ACM}
}
@inproceedings{secrvw,
  title={Securing Legacy Software against Real-World Code-Reuse Exploits: Utopia, Alchemy, or Possible Future?},
  author={Sadeghi, Ahmad-Reza and Davi, Lucas and Larsen, Per},
  booktitle={Proceedings of the 10th ACM Symposium on Information, Computer and Communications Security},
  pages={55--61},
  year={2015},
  organization={ACM}
}
@article{marlin,
  title={Marlin: Mitigating code reuse attacks using code randomization},
  author={Gupta, Arpan and Habibi, Jalal and Kirkpatrick, Michael S and Bertino, Elisa},
  year={2015},
  publisher={IEEE}
}
@inproceedings{memerr,
 author = {Bhatkar, Sandeep and Sekar, R. and DuVarney, Daniel C.},
 title = {Efficient Techniques for Comprehensive Protection from Memory Error Exploits},
 booktitle = {Proceedings of the 14th Conference on USENIX Security Symposium - Volume 14},
 series = {SSYM'05},
 year = {2005},
 location = {Baltimore, MD},
 pages = {17--17},
 numpages = {1},
 url = {http://dl.acm.org/citation.cfm?id=1251398.1251415},
 acmid = {1251415},
 publisher = {USENIX Association},
 address = {Berkeley, CA, USA},
}
@article{ropeme,
  title={Payload already inside: datafire-use for ROP exploits},
  author={Le, Long},
  journal={Black Hat USA},
  year={2010}
}
@inproceedings{breakdef,
  title={ROP is still dangerous: Breaking modern defenses},
  author={Carlini, Nicholas and Wagner, David},
  booktitle={23rd USENIX Security Symposium (USENIX Security 14)},
  pages={385--399},
  year={2014}
}
@inproceedings{kernel,
  title={Defeating return-oriented rootkits with return-less kernels},
  author={Li, Jinku and Wang, Zhi and Jiang, Xuxian and Grace, Michael and Bahram, Sina},
  booktitle={Proceedings of the 5th European conference on Computer systems},
  pages={195--208},
  year={2010},
  organization={ACM}
}
@inproceedings{gfree,
  title={G-Free: defeating return-oriented programming through gadget-less binaries},
  author={Onarlioglu, Kaan and Bilge, Leyla and Lanzi, Andrea and Balzarotti, Davide and Kirda, Engin},
  booktitle={Proceedings of the 26th Annual Computer Security Applications Conference},
  pages={49--58},
  year={2010},
  organization={ACM}
}